@movie{ros,
  title = "Revolution OS",
  producer= "J. T. S. Moore",
  director = "J. T. S. Moore",
  year = "2001",
}
@misc{fig:wp:os,
   author = "Wikipedia",
   title  = "Operating system placement",
   url    = "https://en.wikipedia.org/wiki/File:Operating_system_placement.svg",
}
@misc{fig:wp:rms,
   author = "Wikipedia",
   title  = "Richard Matthew Stallman",
   url    = "https://commons.wikimedia.org/wiki/File:Richard_Matthew_Stallman.jpeg",
}
@misc{fig:wp:unix_plate,
   author = "Wikipedia",
   title  = "Actual DEC UNIX License Plate DSC 0317",
   url    = "https://commons.wikimedia.org/wiki/File:Actual_DEC_UNIX_License_Plate_DSC_0317.jpg",
}
